<record><leader>00000cas a2200000 a 4500</leader><controlfield tag="001">34773460</controlfield><controlfield tag="008">960522d19741977miudn ne      0    0eng c</controlfield><datafield ind1=" " ind2=" " tag="010"><subfield code="a">sn 96076645 </subfield></datafield><datafield ind1=" " ind2=" " tag="040"><subfield code="a">MHN</subfield><subfield code="b">eng</subfield><subfield code="c">MHN</subfield><subfield code="d">OCL</subfield><subfield code="d">OCLCQ</subfield><subfield code="d">OCLCF</subfield><subfield code="d">OCLCO</subfield></datafield><datafield ind1="1" ind2=" " tag="029"><subfield code="a">AU@</subfield><subfield code="b">000012500926</subfield></datafield><datafield ind1=" " ind2=" " tag="042"><subfield code="a">pcc</subfield></datafield><datafield ind1=" " ind2=" " tag="043"><subfield code="a">n-us-mi</subfield></datafield><datafield ind1="0" ind2="4" tag="245"><subfield code="a">The Daily news and Belding banner.</subfield></datafield><datafield ind1=" " ind2=" " tag="260"><subfield code="a">Greenville, Mich. :</subfield><subfield code="b">Greenville News.</subfield></datafield><datafield ind1=" " ind2=" " tag="300"><subfield code="a">v.</subfield></datafield><datafield ind1=" " ind2=" " tag="310"><subfield code="a">Daily (except Sun.)</subfield></datafield><datafield ind1="0" ind2=" " tag="362"><subfield code="a">Year 118, no. 135 (June 13, 1974)-Year 122, no. 40 (Aug. 16, 1977).</subfield></datafield><datafield ind1=" " ind2=" " tag="500"><subfield code="a">Issue called: Bicentennial ed., June 30, 1976.</subfield></datafield><datafield ind1=" " ind2=" " tag="580"><subfield code="a">Formed by the union of: Daily news (Greenville, Mich. : 1949), and: Banner and Flat River emporium.</subfield></datafield><datafield ind1=" " ind2="0" tag="651"><subfield code="a">Ionia County (Mich.)</subfield><subfield code="v">Newspapers.</subfield></datafield><datafield ind1=" " ind2="0" tag="651"><subfield code="a">Belding (Mich.)</subfield><subfield code="v">Newspapers.</subfield></datafield><datafield ind1=" " ind2="0" tag="651"><subfield code="a">Greenville (Mich.)</subfield><subfield code="v">Newspapers.</subfield></datafield><datafield ind1=" " ind2="0" tag="651"><subfield code="a">Montcalm County (Mich.)</subfield><subfield code="v">Newspapers.</subfield></datafield><datafield ind1=" " ind2="7" tag="655"><subfield code="a">Newspapers.</subfield><subfield code="2">fast</subfield><subfield code="0">(OCoLC)fst01423814</subfield></datafield><datafield ind1=" " ind2="7" tag="651"><subfield code="a">Michigan</subfield><subfield code="z">Belding.</subfield><subfield code="2">fast</subfield><subfield code="0">(OCoLC)fst01219727</subfield></datafield><datafield ind1=" " ind2="7" tag="651"><subfield code="a">Michigan</subfield><subfield code="z">Greenville.</subfield><subfield code="2">fast</subfield><subfield code="0">(OCoLC)fst01219762</subfield></datafield><datafield ind1=" " ind2="7" tag="651"><subfield code="a">Michigan</subfield><subfield code="z">Ionia County.</subfield><subfield code="2">fast</subfield><subfield code="0">(OCoLC)fst01214778</subfield></datafield><datafield ind1=" " ind2="7" tag="651"><subfield code="a">Michigan</subfield><subfield code="z">Montcalm County.</subfield><subfield code="2">fast</subfield><subfield code="0">(OCoLC)fst01214746</subfield></datafield><datafield ind1=" " ind2=" " tag="752"><subfield code="a">United States</subfield><subfield code="b">Michigan</subfield><subfield code="c">Montcalm</subfield><subfield code="d">Greenville.</subfield></datafield><datafield ind1="1" ind2="4" tag="780"><subfield code="t">Daily news (Greenville, Mich. : 1949)</subfield><subfield code="w">(DLC)sn 88002798</subfield><subfield code="w">(OCoLC)18176486</subfield></datafield><datafield ind1="1" ind2="4" tag="780"><subfield code="t">Banner and Flat River emporium</subfield><subfield code="w">(DLC)sn 96076644</subfield><subfield code="w">(OCoLC)34773528</subfield></datafield><datafield ind1="0" ind2="0" tag="785"><subfield code="t">Daily news (Greenville, Mich. : 1977)</subfield><subfield code="w">(DLC)sn 96077004</subfield><subfield code="w">(OCoLC)35307792</subfield></datafield></record>